<record><leader>00000cas a2200000 a 4500</leader><controlfield tag="001">38743496</controlfield><controlfield tag="008">980318d190219uuoruwr ne      0    0eng c</controlfield><datafield ind1=" " ind2=" " tag="010"><subfield code="a">sn2007059001</subfield><subfield code="z">sn 97071052 </subfield></datafield><datafield ind1=" " ind2=" " tag="040"><subfield code="a">OCN</subfield><subfield code="b">eng</subfield><subfield code="c">OCN</subfield><subfield code="d">OCLCQ</subfield><subfield code="d">DLC</subfield><subfield code="d">OCLCQ</subfield><subfield code="d">OCLCF</subfield></datafield><datafield ind1="1" ind2=" " tag="029"><subfield code="a">AU@</subfield><subfield code="b">000041709420</subfield></datafield><datafield ind1=" " ind2=" " tag="042"><subfield code="a">pcc</subfield></datafield><datafield ind1=" " ind2=" " tag="043"><subfield code="a">n-us-or</subfield></datafield><datafield ind1="0" ind2="4" tag="245"><subfield code="a">The Pilot Rock record.</subfield></datafield><datafield ind1="1" ind2=" " tag="246"><subfield code="i">Issues for July 1, 1927-Feb. 17, 1928 called:</subfield><subfield code="a">South Umatilla gazette</subfield></datafield><datafield ind1=" " ind2=" " tag="260"><subfield code="a">Pilot Rock, Umatilla County, Or. :</subfield><subfield code="b">Brown, McManus &amp; Brown</subfield></datafield><datafield ind1=" " ind2=" " tag="300"><subfield code="a">v.</subfield></datafield><datafield ind1=" " ind2=" " tag="310"><subfield code="a">Weekly</subfield></datafield><datafield ind1="1" ind2=" " tag="362"><subfield code="a">Began in 1902.</subfield></datafield><datafield ind1=" " ind2=" " tag="500"><subfield code="a">1926-1928 includes newspaper published during school terms by Pilot Rock High School students.</subfield></datafield><datafield ind1=" " ind2=" " tag="530"><subfield code="a">Also issued on microfilm from University of Oregon.</subfield></datafield><datafield ind1=" " ind2=" " tag="588"><subfield code="a">Description based on: Vol. 1, no. 5 (Dec. 26, 1902).</subfield></datafield><datafield ind1=" " ind2=" " tag="588"><subfield code="a">Latest issue consulted: Vol. 27, no. 31 (May 30, 1929).</subfield></datafield><datafield ind1=" " ind2="0" tag="651"><subfield code="a">Pilot Rock (Or.)</subfield><subfield code="v">Newspapers.</subfield></datafield><datafield ind1=" " ind2="0" tag="651"><subfield code="a">Umatilla County (Or.)</subfield><subfield code="v">Newspapers.</subfield></datafield><datafield ind1=" " ind2="7" tag="655"><subfield code="a">Newspapers.</subfield><subfield code="2">fast</subfield><subfield code="0">(OCoLC)fst01423814</subfield></datafield><datafield ind1=" " ind2="7" tag="651"><subfield code="a">Oregon</subfield><subfield code="z">Pilot Rock.</subfield><subfield code="2">fast</subfield><subfield code="0">(OCoLC)fst01225453</subfield></datafield><datafield ind1=" " ind2="7" tag="651"><subfield code="a">Oregon</subfield><subfield code="z">Umatilla County.</subfield><subfield code="2">fast</subfield><subfield code="0">(OCoLC)fst01212371</subfield></datafield><datafield ind1="0" ind2="2" tag="740"><subfield code="a">High School cannon.</subfield></datafield><datafield ind1=" " ind2=" " tag="752"><subfield code="a">United States</subfield><subfield code="b">Oregon</subfield><subfield code="c">Umatilla</subfield><subfield code="d">Pilot Rock.</subfield></datafield></record>